<record xmlns='http://www.loc.gov/MARC21/slim'><leader>01597cim a22003492u 4500</leader><controlfield tag='001'>3600646</controlfield><controlfield tag='005'>20151214182642.0</controlfield><controlfield tag='007'>ss|lmnjluz|nuu</controlfield><controlfield tag='008'>991101s1988    nyunnn         l    eng d</controlfield><datafield ind1=' ' ind2=' ' tag='035'><subfield code='a'>(NIC)notisASF7711</subfield></datafield><datafield ind1=' ' ind2=' ' tag='035'><subfield code='a'>3600646</subfield></datafield><datafield ind1=' ' ind2=' ' tag='035'><subfield code='a'>(OCoLC)63896384</subfield></datafield><datafield ind1=' ' ind2=' ' tag='040'><subfield code='a'>NIC</subfield><subfield code='c'>NIC</subfield><subfield code='d'>NIC</subfield><subfield code='d'>NIC</subfield></datafield><datafield ind1='1' ind2=' ' tag='100'><subfield code='a'>Mehrez, Samia.</subfield></datafield><datafield ind1='1' ind2='0' tag='245'><subfield code='a'>Contesting the dominant other: the case of the Francophone North African writer</subfield><subfield code='h'>[sound recording]</subfield></datafield><datafield ind1=' ' ind2=' ' tag='260'><subfield code='c'>1988.</subfield></datafield><datafield ind1=' ' ind2=' ' tag='300'><subfield code='a'>1 sound cassette (70 min.) :</subfield><subfield code='b'>analog, mono.</subfield></datafield><datafield ind1=' ' ind2=' ' tag='500'><subfield code='a'>Recorded in Ithaca, NY by Cornell University.</subfield></datafield><datafield ind1=' ' ind2=' ' tag='500'><subfield code='a'>Accompanied by: Notes.</subfield></datafield><datafield ind1=' ' ind2=' ' tag='500'><subfield code='a'>Speaker(s): Assistant Professor of Near Eastern Studies, Cornell University.</subfield></datafield><datafield ind1=' ' ind2=' ' tag='518'><subfield code='a'>Lecture, April 16, 1988.</subfield></datafield><datafield ind1=' ' ind2=' ' tag='520'><subfield code='a'>Mehrez discusses the recent development of bilingual writing among Francophone writers (specifically Arab) as being distinct from the currently-existing alternatives of writing in French while adhering to a metropole perspective or of immersing oneself in Arabic. She points out the political implications of such a choice.</subfield></datafield><datafield ind1=' ' ind2='0' tag='650'><subfield code='a'>Bilingualism and literature.</subfield></datafield><datafield ind1=' ' ind2='0' tag='650'><subfield code='a'>Arabic literature</subfield><subfield code='z'>Foreign countries.</subfield></datafield><datafield ind1=' ' ind2='0' tag='650'><subfield code='a'>Algerian literature (French)</subfield></datafield><datafield ind1=' ' ind2='7' tag='650'><subfield code='a'>Algerian literature (French)</subfield><subfield code='2'>fast</subfield><subfield code='0'>(OCoLC)fst00804959</subfield></datafield><datafield ind1=' ' ind2='7' tag='650'><subfield code='a'>Arabic literature</subfield><subfield code='x'>Foreign countries</subfield><subfield code='2'>fast</subfield><subfield code='0'>(OCoLC)fst01906762</subfield></datafield><datafield ind1=' ' ind2='7' tag='650'><subfield code='a'>Bilingualism and literature</subfield><subfield code='2'>fast</subfield><subfield code='0'>(OCoLC)fst00831758</subfield></datafield><datafield ind1=' ' ind2='0' tag='830'><subfield code='a'>Race and the humanities.</subfield></datafield><datafield ind1='1' ind2=' ' tag='899'><subfield code='a'>CULectures</subfield></datafield><datafield ind1=' ' ind2=' ' tag='905'><subfield code='a'>19991222120000.0</subfield></datafield><datafield ind1='2' ind2=' ' tag='948'><subfield code='a'>20141221</subfield><subfield code='b'>m</subfield><subfield code='d'>batch</subfield><subfield code='e'>lts</subfield><subfield code='x'>addfast</subfield></datafield></record>